@book{marion2013classical,
  title={Classical dynamics of particles and systems},
  author={Marion, Jerry B},
  year={2013},
  publisher={Academic Press}
}

@misc{goldstein2002classical,
  title={Classical mechanics},
  author={Goldstein, Herbert and Poole, Charles and Safko, John},
  year={2002},
  publisher={American Association of Physics Teachers}
}

@book{landau1976mechanics,
  title={Mechanics: Volume 1},
  author={Landau, Lev Davidovich and Lifshitz, Evgenii Mikhailovich},
  volume={1},
  year={1976},
  publisher={Butterworth-Heinemann}
}

